<?xml version="1.0" encoding="UTF-8"?><collection xmlns="http://www.loc.gov/MARC21/slim"><record><leader>00423nam--2200157-i-4500</leader><controlfield tag="001">000026343</controlfield><controlfield tag="002">20161230</controlfield><controlfield tag="005">20170113225347</controlfield><controlfield tag="008">060222s1000------------r-----000-0-eng-d</controlfield><datafield ind1=" " ind2=" " tag="080"><subfield code="a">528:550.3(047.3)</subfield></datafield><datafield ind1=" " ind2=" " tag="245"><subfield code="a">4th International Symposium Geodesy and Physics of the Earath</subfield></datafield><datafield ind1=" " ind2=" " tag="260"><subfield code="a">Berlin</subfield><subfield code="b">Akademie Der Wissenschaften</subfield><subfield code="c">1981</subfield></datafield><datafield ind1=" " ind2=" " tag="300"><subfield code="a">528-836 p</subfield></datafield><datafield ind1=" " ind2=" " tag="490"><subfield code="a">63</subfield></datafield><datafield ind1=" " ind2=" " tag="852"><subfield code="a">70091</subfield></datafield><datafield ind1=" " ind2=" " tag="CAT"><subfield code="a">SYS</subfield><subfield code="c">20170113</subfield><subfield code="h">225347</subfield></datafield></record></collection>